% Hier kommen die Quellen hin